@book{georgiev2016,
  author    = {Boris Georgiev and Jesper Wulff and Philipp Schröder and Anders Østergaard Hansen and Camilla Ringsted and Christoffer Rasmussen and Franck Köksel and Heidi Østergaard and Jens Riis Andersen and Johannes Liebach Lüneborg and Luke Davies and Martin Schultz-Nielsen and Peter Aagaard and Thyge Enggaard},
  publisher = {The Tuborg Research Centre For Globalisation and Firms and McKinsey \& Company},
  title     = {Danish Manufacturing: Winning in the Next Decade},
  year      = {2016},
  url       = {https://pure.au.dk/ws/portalfiles/portal/98323703/Danish_Manufacturing_Full_Report.pdf}
}

@book{box2015,
  author    = {George E. P. Box and Gwilym M. Jenkins and Gregory C. Reinsel and Greta M. Ljung},
  publisher = {John Wiley \& Sons},
  title     = {Time Series Analysis: Forecasting and Control},
  year      = {2015},
  edition   = {5}
}

@book{hyndman2021,
  author    = {Rob Hyndman and G. Athanasopoulos},
  publisher = {OTexts},
  title     = {Forecasting: Principles and Practice},
  year      = {2021},
  edition   = {3}
}

@book{durbin2001,
  author    = {James Durbin and Siem Jan Koopman},
  publisher = {},
  title     = {Time Series Analysis by State Space Methods},
  year      = {2001},
  edition   = {}
}

@book{harvey1993,
  author    = {Andrew C. Harvey},
  publisher = {Harvester Wheatsheaf},
  title     = {Time Series Models},
  year      = {1993},
  edition   = {}
}

@book{douglas2021,
  author    = {Douglas C. Montgomery and Elizabeth A. Peck and G. Geoffrey Vining},
  publisher = {John Wiley \& Sons},
  title     = {Introduction to Linear Regression Analysis},
  year      = {2021},
  edition   = {6}
}

@book{seber2003,
  author    = {G. A. F. Seber and C. J. Wild},
  publisher = {John Wiley \& Sons},
  title     = {Nonlinear Regression},
  year      = {2003},
  edition   = {}
}

@book{goodfellow2016,
  author    = {Ian Goodfellow and Yoshua Bengio and Aaron Courville},
  publisher = {The MIT Press},
  title     = {Deep learning},
  year      = {2016},
  edition   = {}
}

@misc{iea2025,
  author  = {{International Energy Agency}},
  title   = {Germany},
  year    = {2025},
  url     = {https://www.iea.org/countries/germany},
  urldate = {2025-02-08}
}

@misc{entsoe2022,
  author  = {{European Network of Transmission System Operators for Electricity}},
  title   = {A Power System for a Carbon Neutral Europe},
  year    = {2022},
  url     = {https://vision.entsoe.eu},
  urldate = {2025-02-08}
}

@misc{entsoe2021,
  author  = {{European Network of Transmission System Operators for Electricity}},
  title   = {Nordic Balancing Philosophy},
  year    = {2021},
  url     = {https://energinet.dk/media/0rrfnkym/nordic-balancing-philosophy-updated-2021.pdf},
  urldate = {2025-02-24}
}

@misc{futurebridge,
  author  = {{Future Bridge}},
  title   = {Scope 3 in Manufacturing: Leveraging AI Scheduling for Efficiency},
  year    = {},
  url     = {https://netzero-events.com/scope-3-in-manufacturing-leveraging-ai-scheduling-for-efficiency},
  urldate = {2025-02-08}
}

@misc{energistyrelsen,
  author  = {Energistyrelsen},
  title   = {Liberalisation of the Danish power sector 1995-2020},
  year    = {2020},
  url     = {https://ens.dk/sites/default/files/media/documents/2024-11/liberalisation_of_the_danish_power_sector_-_report_final.pdf},
  urldate = {2025-03-03}
}

@misc{oecd2020,
  author   = {{OECD Nuclear Energy Agency}},
  title    = {NUCLEAR LEGISLATION IN OECD COUNTRIES},
  subtitle = {Denmark},
  year     = {2020},
  url      = {https://www.oecd.org/content/dam/oecd/en/publications/reports/2006/03/nuclear-legislation-in-oecd-countries-denmark_g1ghb094/9789264056350-en.pdf},
  urldate  = {2025-03-05}
}

@misc{iea2023,
  author   = {{International Energy Agency}},
  title    = {Denmark 2023},
  subtitle = {Energy Policy Review},
  year     = {2023},
  url      = {https://www.iea.org/reports/denmark-2023},
  urldate  = {2025-04-03}
}

@misc{abnett2022,
  author   = {Kate Abnett},
  title    = {EU lawmakers clinch compromises on carbon market overhaul},
  subtitle = {},
  year     = {2022},
  url      = {https://www.reuters.com/business/sustainable-business/eu-lawmakers-clinch-compromises-carbon-market-overhaul-2022-05-11},
  urldate  = {2025-05-7}
}

@misc{usepa2023,
  author   = {{US EPA}},
  title    = {Tailpipe Greenhouse Gas Emissions from a Typical Passenger Vehicle},
  subtitle = {},
  year     = {2023},
  url      = {https://nepis.epa.gov/Exe/ZyPDF.cgi?Dockey=P1017FP5.pdf},
  urldate  = {2025-05-7}
}

@misc{europeancommission2023,
  author   = {{European Commission}},
  title    = {Modernisation Fund Investment Committee},
  subtitle = {Annual report 2023},
  year     = {2023},
  url      = {https://data.consilium.europa.eu/doc/document/ST-16369-2024-INIT/en/pdf},
  urldate  = {2025-05-7}
}

@misc{energidataservice2025,
  author   = {{Energi Data Service API}},
  title    = {Tailpipe Greenhouse Gas Emissions from a Typical Passenger Vehicle},
  subtitle = {},
  year     = {2025},
  url      = {https://www.energidataservice.dk/guides/api-guides},
  urldate  = {2025-05-7}
}

@misc{energinet2023,
  author   = {{Energinet}},
  title    = {Outlook for Ancillary Services 2023-2040},
  subtitle = {},
  year     = {2023},
  url      = {https://energinet.dk/om-publikationer/publikationer/outlook-for-ancillary-services-2023-2040},
  urldate  = {2025-05-8}
}

@misc{yao2021,
  author   = {Jiaxiong Yao},
  title    = {Electricity Consumption and Temperature: Evidence from Satellite Data},
  subtitle = {},
  year     = {2021},
  url      = {https://www.imf.org/en/Publications/WP/Issues/2021/02/05/Electricity-Consumption-and-Temperature-Evidence-from-Satellite-Data-50031},
  urldate  = {2025-03-20}
}

@misc{energinet2024,
  author   = {{Energinet}},
  title    = {ENERGINET POSITION ON FULL COST BALANCING},
  subtitle = {A POLLUTER-PAYS ZERO-SUM-GAME, TO AVOID AN UNFAIR DISTRIBUTION OF COSTS SOCIALISED TO ELECTRICITY CONSUMERS},
  year     = {2024},
  url      = {https://energinet.dk/media/xbpjtgde/energinet-position-on-full-cost-balancing.pdf},
  urldate  = {2025-05-8}
}

@misc{makinde2024,
  author   = {Ahmad Makinde},
  title    = {Optimizing Time Series Forecasting: A Comparative Study of Adam and Nesterov Accelerated Gradient on LSTM and GRU networks Using Stock Market data},
  subtitle = {},
  year     = {2024},
  url      = {https://arxiv.org/abs/2410.01843},
  urldate  = {2025-04-16}
}

@misc{sutskever2014,
  author   = {Ilya Sutskever and Oriol Vinyals and Quoc V. Le},
  title    = {Sequence to Sequence Learning with Neural Networks},
  subtitle = {},
  year     = {2014},
  url      = {https://arxiv.org/abs/1409.3215},
  urldate  = {2025-04-17}
}

@article{leerbeck2020,
  author  = {Kenneth Leerbeck and Peder Bacher and Rune Grønborg Junker and Goran Goranović and Olivier Corradi and Razgar Ebrahimy and Anna Tveit and Henrik Madsen},
  journal = {Applied Energy},
  number  = {},
  title   = {Short-term forecasting of \cotwo{} emission intensity in power grids by machine learning},
  volume  = {277},
  year    = {2020},
  pages   = {115527},
  doi     = {10.1016/j.apenergy.2020.115527}
}

@article{kohut2025,
  author  = {Roman Kohút and Martin Klaučo and Michal Kvasnica},
  journal = {Applied Energy},
  number  = {},
  title   = {Unified carbon emissions and market prices forecasts of the power grid},
  volume  = {377},
  year    = {2025},
  pages   = {124527},
  doi     = {10.1016/j.apenergy.2024.124527}
}

@article{ostermann2024,
  author  = {Adrian Ostermann and Arian Bajrami and Alexander Bogensperger},
  journal = {Energy Informatics},
  number  = {1},
  title   = {Short-term forecasting of German generation-based \cotwo{} emission factors using parametric and non-parametric time series models},
  volume  = {7},
  year    = {2024},
  pages   = {2},
  doi     = {10.1186/s42162-024-00303-9}
}

@article{wang2017,
  author  = {Jiawei Wang and Yi Zong and Shi You and Chresten Træholt},
  journal = {Clean Energy},
  number  = {1},
  title   = {A review of Danish integrated multi-energy system flexibility options for high wind power penetration},
  volume  = {1},
  year    = {2017},
  pages   = {23-35},
  doi     = {10.1093/ce/zkx002}
}

@article{zhang2024,
  author  = {Bowen Zhang and Hongda Tian and Adam Berry and Hao Huang and A. Craig Roussac},
  journal = {Sustainability},
  number  = {19},
  title   = {Experimental Comparison of Two Main Paradigms for Day-Ahead Average Carbon Intensity Forecasting in Power Grids: A Case Study in Australia},
  volume  = {16},
  year    = {2024},
  pages   = {},
  doi     = {10.3390/su16198580}
}

@article{peng2018,
  author  = {Lu Peng and Shan Liu and Rui Liu and Lin Wang},
  journal = {Energy},
  number  = {},
  title   = {Effective long short-term memory with differential evolution algorithm for electricity price prediction},
  volume  = {162},
  year    = {2018},
  pages   = {1301-1314},
  doi     = {10.1016/j.energy.2018.05.052}
}

@article{lowry2018,
  author  = {Gordon Lowry},
  journal = {Building Services Engineering Research \& Technology},
  number  = {6},
  title   = {Day-ahead forecasting of grid carbon intensity in support of heating, ventilation and air-conditioning plant demand response decision-making to reduce carbon emissions},
  volume  = {39},
  year    = {2018},
  pages   = {749-760},
  doi     = {10.1177/0143624418774738}
}

@article{breiman2001,
  author  = {Leo Breiman},
  journal = {Machine Learning},
  number  = {1},
  title   = {Random Forests},
  volume  = {45},
  year    = {2001},
  pages   = {5-32},
  doi     = {10.1023/A:1010933404324}
}

@article{chen2016,
  author  = {Tianqi Chen and Carlos Guestrin},
  journal = {CoRR},
  number  = {},
  title   = {XGBoost: A Scalable Tree Boosting System},
  volume  = {abs/1603.02754},
  year    = {2016},
  pages   = {785-794},
  doi     = {10.1145/2939672.2939785}
}

@article{drucker1997,
  author  = {Harris Drucker and Christopher Burges and Linda Kaufman and Alexander Smola and V. Vapnik},
  journal = {Advances in Neural Information Processing Systems},
  number  = {7},
  title   = {Support vector regression machines},
  volume  = {28},
  year    = {1997},
  pages   = {779-784},
  doi     = {}
}

@article{elman1990,
  author  = {Jeffery L. Elman},
  journal = {Cognitive Science},
  number  = {2},
  title   = {Finding Structure in Time},
  volume  = {14},
  year    = {1990},
  pages   = {179-211},
  doi     = {10.1207/s15516709cog1402_1}
}

@article{hochreiter1997,
  author  = {Sepp Hochreiter and Jürgen Schmidhuber},
  journal = {Neural Computation},
  number  = {8},
  title   = {Long Short-Term Memory},
  volume  = {9},
  year    = {1997},
  pages   = {1735-1780},
  doi     = {10.1162/neco.1997.9.8.1735}
}

@article{cho2014,
  author  = {Kyunghyun Cho and Bart van Merriënboer and Caglar Gülçehre and Dzmitry Bahdanau and Fethi Bougares and Holger Schwenk and Yoshua Bengio},
  journal = {CoRR},
  number  = {},
  title   = {Learning Phrase Representations using RNN Encoder-Decoder for Statistical Machine Translation},
  volume  = {abs/1406.1078},
  year    = {2014},
  pages   = {1724-1734},
  doi     = {10.3115/v1/D14-1179}
}

@article{bai2018,
  author  = {Shaojie Bai and J. Zico Kolter and Vladlen Koltun},
  journal = {CoRR},
  number  = {},
  title   = {An Empirical Evaluation of Generic Convolutional and Recurrent Networks for Sequence Modeling},
  volume  = {abs/1803.01271},
  year    = {2018},
  pages   = {},
  doi     = {10.48550/arXiv.1803.01271}
}

@article{vaswani2017,
  author  = {Ashish Vaswani and Noam Shazeer and Niki Parmar and Jakob Uszkoreit and Llion Jones and Aidan N. Gomez and Lukasz Kaiser and Illia Polosukhin},
  journal = {CoRR},
  number  = {},
  title   = {Attention Is All You Need},
  volume  = {abs/1706.03762},
  year    = {2017},
  pages   = {},
  doi     = {10.48550/arXiv.1706.03762}
}

@article{zhang2003,
  author  = {G.Peter Zhang},
  journal = {Neurocomputing},
  number  = {},
  title   = {Time series forecasting using a hybrid ARIMA and neural network model},
  volume  = {50},
  year    = {2003},
  pages   = {159-175},
  doi     = {10.1016/S0925-2312(01)00702-0}
}

@article{bokde2021,
  author  = {Neeraj Dhanraj Bokde and Bo Tranberg and Gorm Bruun Andresen},
  journal = {Applied Energy},
  number  = {},
  title   = {Short-term \cotwo{} emissions forecasting based on decomposition approaches and its impact on electricity market scheduling},
  volume  = {281},
  year    = {2021},
  pages   = {116061},
  doi     = {10.1016/j.apenergy.2020.116061}
}

@article{pierre2023,
  author  = {Agbessi Akuété Pierre and Salami Adekunlé Akim and Agbosse Kodjovi Semenyo and Birregah Babiga},
  journal = {Energies},
  number  = {12},
  title   = {Peak Electrical Energy Consumption Prediction by ARIMA, LSTM, GRU, ARIMA-LSTM and ARIMA-GRU Approaches},
  volume  = {16},
  year    = {2023},
  pages   = {4739},
  doi     = {10.3390/en16124739}
}

@article{zhou2024,
  author  = {Ruiyan Zhou and Xingchen Zhang},
  journal = {Journal of Physics: Conference Series},
  number  = {1},
  title   = {Short-term power load forecasting based on ARIMA-LSTM},
  volume  = {2803},
  year    = {2024},
  pages   = {012002},
  doi     = {10.1088/1742-6596/2803/1/012002}
}

@article{semmelmann2022,
  author  = {Leo Semmelmann and Sarah Henni and Christof Weinhardt},
  journal = {Energy Informatics},
  number  = {1},
  title   = {Load forecasting for energy communities: a novel LSTM-XGBoost hybrid model based on smart meter data},
  volume  = {5},
  year    = {2022},
  pages   = {24},
  doi     = {10.1186/s42162-022-00212-9}
}

@article{arslan2022,
  author  = {Serdar Arslan},
  journal = {PeerJ Computer Science},
  number  = {},
  title   = {A hybrid forecasting model using LSTM and Prophet for energy consumption with decomposition of time series data},
  volume  = {8},
  year    = {2022},
  pages   = {e1001},
  doi     = {10.7717/peerj-cs.1001}
}

@article{bashir2022,
  author  = {Tasarruf Bashir and Chen Haoyong and Muhammad Faizan Tahir and Zhu Liqiang},
  journal = {Energy Reports},
  number  = {},
  title   = {Short term electricity load forecasting using hybrid prophet-LSTM model optimized by BPNN},
  volume  = {8},
  year    = {2022},
  pages   = {1678-1686},
  doi     = {10.1016/j.egyr.2021.12.067}
}

@article{grandon2023,
  author  = {Tatiana Gonzalez Grandón and Johannes Schwenzer and Thomas Steens and Julia Breuing},
  journal = {},
  number  = {},
  title   = {Electricity Demand Forecasting with Hybrid Statistical and Machine Learning Algorithms: Case Study of Ukraine},
  volume  = {},
  year    = {2023},
  pages   = {},
  doi     = {10.48550/arXiv.2304.05174}
}

@article{roungkvist2020,
  author  = {Jannik Schütz Roungkvist and Peter Enevoldsen and George Xydis},
  journal = {Sustainability},
  number  = {10},
  title   = {High-Resolution Electricity Spot Price Forecast for the Danish Power Market},
  volume  = {12},
  year    = {2020},
  pages   = {},
  doi     = {10.3390/su12104267}
}

@article{carlini2023,
  author  = {Federico Carlini and Bent Jesper Christensen and Nabanita Datta Gupta and Paolo Santucci de Magistris},
  journal = {Energy Economics},
  number  = {},
  title   = {Climate, wind energy, and \cotwo{} emissions from energy production in Denmark},
  volume  = {125},
  year    = {2023},
  pages   = {106821},
  doi     = {10.1016/j.eneco.2023.106821}
}

@article{dong2019,
  author  = {Shuaili Dong and Hailong Li and Fredrik Wallin and Ander Avelin and Qi Zhang and Zhixin Yu},
  journal = {Energy Procedia},
  number  = {},
  title   = {Volatility of electricity price in Denmark and Sweden},
  volume  = {158},
  year    = {2019},
  pages   = {4331-4337},
  doi     = {10.1016/j.egypro.2019.01.788}
}

@article{gils2014,
  author  = {Hans Christian Gils},
  journal = {Energy},
  number  = {},
  title   = {Assessment of the theoretical demand response potential in Europe},
  volume  = {67},
  year    = {2014},
  pages   = {1-18},
  doi     = {10.1016/j.energy.2014.02.019}
}

@article{sensfuss2008,
  author  = {Frank Sensfuß and Mario Ragwitz and Massimo Genoese},
  journal = {Energy Policy},
  number  = {8},
  title   = {The merit-order effect: A detailed analysis of the price effect of renewable electricity generation on spot market prices in Germany},
  volume  = {36},
  year    = {2008},
  pages   = {3076-3084},
  doi     = {10.1016/j.enpol.2008.03.035}
}

@article{green2012,
  author  = {Richard Green and Nicholas Vasilakos},
  journal = {The Energy Journal},
  number  = {3},
  title   = {Storing Wind for a Rainy Day: What Kind of Electricity Does Denmark Export?},
  volume  = {33},
  year    = {2012},
  pages   = {1-22},
  doi     = {10.5547/01956574.33.3.1}
}

@article{cassarino2018,
  author  = {Tiziano Gallo Cassarino and Ed Sharp and Mark Barrett},
  journal = {Applied Energy},
  number  = {},
  title   = {The impact of social and weather drivers on the historical electricity demand in Europe},
  volume  = {229},
  year    = {2018},
  pages   = {176-185},
  doi     = {10.1016/j.apenergy.2018.07.108}
}

@article{yasmeen2022,
  author  = {Rizwana Yasmeen and Rui Tao and Wanchen Jie and Ihtsham Ul Haq Padda and Wasi Ul Hassan Shah},
  journal = {Renewable Energy},
  number  = {},
  title   = {The repercussions of business cycles on renewable \& non-renewable energy consumption structure: Evidence from OECD countries},
  volume  = {190},
  pages   = {575-587},
  year    = {2022},
  doi     = {10.1016/j.renene.2022.03.138}
}

@article{chang2018,
  author  = {Zihan Chang and Yang Zhang and Wenbo Chen},
  journal = {},
  number  = {},
  title   = {Effective Adam-Optimized LSTM Neural Network for Electricity Price Forecasting},
  volume  = {},
  pages   = {245-248},
  year    = {2018},
  doi     = {10.1109/ICSESS.2018.8663710}
}

@article{greff2017,
  author  = {Klaus Greff and Rupesh K. Srivastava and Jan Koutnik and Bas R. Steunebrink and Jurgen Schmidhuber},
  journal = {IEEE Transactions on Neural Networks and Learning Systems},
  number  = {10},
  title   = {LSTM: A Search Space Odyssey},
  volume  = {28},
  pages   = {2222-2232},
  year    = {2017},
  doi     = {10.1109/tnnls.2016.2582924}
}

@article{he2024,
  author  = {Bo He and Longbing Li and Yunya Bo and Jingxuan Zhou},
  journal = {International Journal of Computer Science and Information Technology},
  number  = {},
  title   = {Bi-directional LSTM-GRU Based Time Series Forecasting Approach},
  volume  = {3},
  pages   = {222-231},
  year    = {2024},
  doi     = {10.62051/ijcsit.v3n2.26}
}

@article{altmann2010,
  author  = {André Altmann and Laura Toloşi and Oliver Sander and Thomas Lengauer},
  journal = {Bioinformatics},
  number  = {10},
  title   = {Permutation importance: a corrected feature importance measure},
  volume  = {26},
  pages   = {1340-1347},
  year    = {2010},
  doi     = {10.1093/bioinformatics/btq134}
}

@article{cerqueira2020,
  author  = {V. Cerqueira and L. Torgo and I. Mozetič},
  journal = {Machine Learning},
  number  = {11},
  title   = {Evaluating time series forecasting models: an empirical study on performance estimation methods},
  volume  = {109},
  pages   = {1997-2028},
  year    = {2020},
  doi     = {10.1007/s10994-020-05910-7}
}

@article{tashman2000,
  author  = {Leonard J. Tashman},
  journal = {International Journal of Forecasting},
  number  = {4},
  title   = {Out-of-sample tests of forecasting accuracy: an analysis and review},
  volume  = {16},
  pages   = {437-450},
  year    = {2000},
  doi     = {10.1016/S0169-2070(00)00065-0}
}

@article{diebold1995,
  author  = {Francis X. Diebold and Roberto S. Mariano},
  journal = {Journal of Business \& Economic Statistics},
  number  = {3},
  title   = {Comparing Predictive Accuracy},
  volume  = {13},
  pages   = {253-263},
  year    = {1995},
  doi     = {10.1080/07350015.1995.10524599}
}

@article{bergstra2018,
  author  = {James Bergstra and Y. Bengio},
  journal = {The Journal of Machine Learning Research},
  number  = {},
  title   = {Random Search for Hyper-Parameter Optimization},
  volume  = {13},
  pages   = {281-305},
  year    = {2012},
  doi     = {}
}
